@article{Jambeck2015PlasticWI,
  title={Plastic waste inputs from land into the ocean},
  author={Jenna R. Jambeck and Roland Geyer and Chris Wilcox and Theodore R. Siegler and Miriam Perryman and A. L. Andrady and Ramani Narayan and Kara Lavender Law},
  journal={Science},
  year={2015},
  volume={347},
  pages={768 - 771}
}